@book{giuliani2005quantum,
  title={Quantum theory of the electron liquid},
  author={Giuliani, Gabriele and Vignale, Giovanni},
  year={2005},
  publisher={Cambridge university press}
}

@article{li2018fast,
  title={Fast semistochastic heat-bath configuration interaction},
  author={Li, Junhao and Otten, Matthew and Holmes, Adam A and Sharma, Sandeep and Umrigar, Cyrus J},
  journal={The Journal of chemical physics},
  volume={149},
  number={21},
  pages={214110},
  year={2018},
  publisher={AIP Publishing}
}

@article{luo2018combining,
  title={Combining the Transcorrelated method with Full Configuration Interaction Quantum Monte Carlo: application to the homogeneous electron gas},
  author={Luo, Hongjun and Alavi, Ali},
  journal={Journal of chemical theory and computation},
  volume={14},
  number={3},
  pages={1403--1411},
  year={2018},
  publisher={ACS Publications}
}

@article{sharma2017semistochastic,
  title={Semistochastic Heat-bath Configuration Interaction method: selected configuration interaction with semistochastic perturbation theory},
  author={Sharma, Sandeep and Holmes, Adam A and Jeanmairet, Guillaume and Alavi, Ali and Umrigar, Cyrus J},
  journal={Journal of Chemical Theory and Computation},
  volume={13},
  number={4},
  pages={1595--1604},
  year={2017},
  publisher={ACS Publications}
}

@article{shepherd2012full,
  title={Full configuration interaction perspective on the homogeneous electron gas},
  author={Shepherd, James J and Booth, George and Gr{\"u}neis, Andreas and Alavi, Ali},
  journal={Physical Review B},
  volume={85},
  number={8},
  pages={081103},
  year={2012},
  publisher={APS}
}

@article{neufeld2017study,
  title={A study of the dense Uniform Electron Gas with high orders of Coupled Cluster},
  author={Neufeld, Verena A and Thom, Alex JW},
  journal={arXiv preprint arXiv:1706.09923},
  year={2017}
}

@article{rios2006inhomogeneous,
  title={Inhomogeneous backflow transformations in quantum Monte Carlo calculations},
  author={R{\'\i}os, P L{\'o}pez and Ma, A and Drummond, ND and Towler, MD and Needs, RJ},
  journal={Physical Review E},
  volume={74},
  number={6},
  pages={066701},
  year={2006},
  publisher={APS}
}

@article{holmes2016heat,
  title={Heat-Bath Configuration Interaction: An Efficient Selected Configuration Interaction Algorithm Inspired by Heat-Bath Sampling},
  author={Holmes, Adam A and Tubman, Norm M and Umrigar, CJ},
  journal={Journal of chemical theory and computation},
  volume={12},
  number={8},
  pages={3674--3680},
  year={2016},
  publisher={ACS Publications}
}

@article{perdew1986density,
  title={Density-functional approximation for the correlation energy of the inhomogeneous electron gas},
  author={Perdew, John P},
  journal={Physical Review B},
  volume={33},
  number={12},
  pages={8822},
  year={1986},
  publisher={APS}
}

@book{dahl2013local,
  title={Local density approximations in quantum chemistry and solid state physics},
  author={Dahl, Jens Peder and Avery, John},
  year={2013},
  publisher={Springer Science \& Business Media}
}

@article{perdew1996generalized,
  title={Generalized gradient approximation made simple},
  author={Perdew, John P and Burke, Kieron and Ernzerhof, Matthias},
  journal={Physical review letters},
  volume={77},
  number={18},
  pages={3865},
  year={1996},
  publisher={APS}
}

@book{lundqvist2013theory,
  title={Theory of the inhomogeneous electron gas},
  author={Lundqvist, Stig and March, Norman H},
  year={2013},
  publisher={Springer Science \& Business Media}
}

@article{ceperley1980ground,
  title={Ground state of the electron gas by a stochastic method},
  author={Ceperley, David M and Alder, BJ},
  journal={Physical Review Letters},
  volume={45},
  number={7},
  pages={566},
  year={1980},
  publisher={APS}
}

@article{kwon1998effects,
  title={Effects of backflow correlation in the three-dimensional electron gas: Quantum Monte Carlo study},
  author={Kwon, Yongkyung and Ceperley, DM and Martin, Richard M},
  journal={Physical Review B},
  volume={58},
  number={11},
  pages={6800},
  year={1998},
}

@article{shepherd2012investigation,
  title={Investigation of the full configuration interaction quantum Monte Carlo method using homogeneous electron gas models},
  author={Shepherd, James J and Booth, George H and Alavi, Ali},
  journal={The Journal of chemical physics},
  volume={136},
  number={24},
  pages={244101},
  year={2012},
  publisher={AIP}
}

@article{huron1973iterative,
  title={Iterative perturbation calculations of ground and excited state energies from multiconfigurational zeroth-order wavefunctions},
  author={Huron, B and Malrieu, JP and Rancurel, P},
  journal={The Journal of Chemical Physics},
  volume={58},
  number={12},
  pages={5745--5759},
  year={1973},
  publisher={AIP}
}

@article{davidson1989super,
  title={Super-matrix methods},
  author={Davidson, Ernest R},
  journal={Computer Physics Communications},
  volume={53},
  number={1-3},
  pages={49--60},
  year={1989},
  publisher={Elsevier}
}

@misc{wiki:redblacktree,
author = "{Wikipedia contributors}",
title = "Redâ€“black tree --- Wikipedia, The Free Encyclopedia",
year = "2019",
url = "https://en.wikipedia.org/wiki/Red-black_tree",
note = "[Online; accessed 23-April-2019]"
}

@misc{wiki:binarysearchtree,
author = "{Wikipedia contributors}",
title = "Binary search tree --- Wikipedia, The Free Encyclopedia",
year = "2019",
url = "https://en.wikipedia.org/wiki/Binary_search_tree",
note = "[Online; accessed 23-April-2019]"
}

@misc{wiki:treetraversal,
author = "{Wikipedia contributors}",
title = "Tree traversal --- Wikipedia, The Free Encyclopedia",
year = "2019",
url = "https://en.wikipedia.org/wiki/Tree_traversal#Inorder_traversal",
note = "[Online; accessed 23-April-2019]"
}